@article{Aleixo2011aug,
  title = {Exponential Operators and the Algebraic Description of Quantum Confined Systems},
  author = {Aleixo, A. N. F. and Balantekin, A. B.},
  year = {2011},
  month = aug,
  journal = {J. Math. Phys.},
  volume = {52},
  number = {8},
  pages = {082106},
  doi = {10.1063/1.3625627}
}
% == BibTeX quality report for Aleixo2011aug:
% ? Possibly abbreviated journal title J. Math. Phys.
% ? unused ISSN ("0022-2488")
% ? unused Library catalog ("Silverchair")
% ? unused Publication title ("Journal of Mathematical Physics")
% ? unused Url ("https://doi.org/10.1063/1.3625627")

@article{Anand2007dec,
  title = {Simulation of steady-state {NMR} of coupled systems using {L}iouville space and computer algebra methods},
  author = {Anand, Christopher Kumar and Bain, Alex D. and Nie, Zhenghua},
  year = {2007},
  month = dec,
  journal = {J. Magn. Res.},
  volume = {189},
  number = {2},
  pages = {200-208},
  doi = {10.1016/j.jmr.2007.09.012}
}
% == BibTeX quality report for Anand2007dec:
% ? Possibly abbreviated journal title J. Magn. Res.
% ? unused ISSN ("1090-7807")
% ? unused Library catalog ("ScienceDirect")
% ? unused Publication title ("Journal of Magnetic Resonance")
% ? unused Url ("https://www.sciencedirect.com/science/article/pii/S1090780707002807")

@article{Barnett2004mar,
  title = {Symbolic calculation in chemistry: {S}elected examples},
  author = {Barnett, Michael P. and Capitani, Joseph F. and von zur Gathen, Joachim and Gerhard, Jürgen},
  year = {2004},
  month = mar,
  journal = {Int. J. Quantum Chem.},
  volume = {100},
  number = {2},
  pages = {80-104},
  doi = {10.1002/qua.20097},
  langid = {english},
  keywords = {review}
}
% == BibTeX quality report for Barnett2004mar:
% ? Possibly abbreviated journal title Int. J. Quantum Chem.
% ? unused extra: _eprint ("https://onlinelibrary.wiley.com/doi/pdf/10.1002/qua.20097")
% ? unused ISSN ("1097-461X")
% ? unused Library catalog ("Wiley Online Library")
% ? unused Publication title ("International Journal of Quantum Chemistry")
% ? unused Short title ("Symbolic calculation in chemistry")
% ? unused Url ("https://onlinelibrary.wiley.com/doi/abs/10.1002/qua.20097")

@article{Bengs2017sep,
  title = {{SpinDynamica}: {S}ymbolic and numerical magnetic resonance in a Mathematica environment},
  author = {Bengs, Christian and Levitt, Malcolm H.},
  year = {2017},
  month = sep,
  journal = {Mag. Res. Chem.},
  volume = {56},
  number = {6},
  pages = {374-414},
  doi = {10.1002/mrc.4642},
  langid = {english},
  keywords = {Mathematica,symbolic programming}
}
% == BibTeX quality report for Bengs2017sep:
% ? Possibly abbreviated journal title Mag. Res. Chem.
% ? unused ISSN ("1097-458X")
% ? unused Library catalog ("Wiley Online Library")
% ? unused Publication title ("Magnetic Resonance in Chemistry")
% ? unused Short title ("SpinDynamica")
% ? unused Url ("https://onlinelibrary.wiley.com/doi/abs/10.1002/mrc.4642")

@article{Bertlmann2008may,
  title = {Bloch Vectors for Qudits},
  author = {Bertlmann, Reinhold A. and Krammer, Philipp},
  year = {2008},
  month = may,
  journal = {J. Phys. A: Math. Theor.},
  volume = {41},
  number = {23},
  pages = {235303},
  doi = {10.1088/1751-8113/41/23/235303},
  langid = {english}
}
% == BibTeX quality report for Bertlmann2008may:
% ? Possibly abbreviated journal title J. Phys. A: Math. Theor.
% ? unused ISSN ("1751-8121")
% ? unused Library catalog ("Institute of Physics")
% ? unused Publication title ("Journal of Physics A: Mathematical and Theoretical")
% ? unused Url ("https://dx.doi.org/10.1088/1751-8113/41/23/235303")

@article{Beskrovnyi1998jun,
  title = {Applying {M}athematica to the analytical solution of the nonlinear {H}eisenberg operator equations},
  author = {Beskrovnyi, V. N.},
  year = {1998},
  month = jun,
  journal = {Comput. Phys. Commun.},
  volume = {111},
  number = {1},
  pages = {76-86},
  doi = {10.1016/S0010-4655(98)00029-0},
  keywords = {Normal ordering}
}
% == BibTeX quality report for Beskrovnyi1998jun:
% ? Possibly abbreviated journal title Comput. Phys. Commun.
% ? unused ISSN ("0010-4655")
% ? unused Library catalog ("ScienceDirect")
% ? unused Publication title ("Computer Physics Communications")
% ? unused Url ("https://www.sciencedirect.com/science/article/pii/S0010465598000290")

@article{Casas2012nov,
  title = {Efficient computation of the {Z}assenhaus formula},
  author = {Casas, Fernando and Murua, Ander and Nadinic, Mladen},
  year = {2012},
  month = nov,
  journal = {Comput. Phys. Commun.},
  volume = {183},
  number = {11},
  pages = {2386-2391},
  doi = {10.1016/j.cpc.2012.06.006}
}
% == BibTeX quality report for Casas2012nov:
% ? Possibly abbreviated journal title Comput. Phys. Commun.
% ? unused ISSN ("0010-4655")
% ? unused Library catalog ("ScienceDirect")
% ? unused Publication title ("Computer Physics Communications")
% ? unused Url ("https://www.sciencedirect.com/science/article/pii/S001046551200207X")

@article{Chen2013mar,
  title = {{\emph{Qcompiler}}: Quantum compilation with the {CSD} method},
  author = {Chen, Y. G. and Wang, J. B.},
  year = {2013},
  month = mar,
  journal = {Comput. Phys. Commun.},
  volume = {184},
  number = {3},
  pages = {853-865},
  doi = {10.1016/j.cpc.2012.10.019}
}
% == BibTeX quality report for Chen2013mar:
% ? Possibly abbreviated journal title Comput. Phys. Commun.
% ? unused ISSN ("0010-4655")
% ? unused Library catalog ("ScienceDirect")
% ? unused Publication title ("Computer Physics Communications")
% ? unused Short title ("<i>Qcompiler</i>")
% ? unused Url ("https://www.sciencedirect.com/science/article/pii/S0010465512003621")

@article{Curtright2014aug,
  title = {A Compact Formula for Rotations as Spin Matrix Polynomials},
  author = {Curtright, Thomas L. and Fairlie, David B. and Zachos, Cosmas K.},
  year = {2014},
  month = aug,
  journal = {SIGMA},
  volume = {10},
  pages = {084},
  doi = {10.3842/SIGMA.2014.084},
  langid = {english}
}
% == BibTeX quality report for Curtright2014aug:
% ? Title looks like it was stored in title-case in Zotero
% ? unused ISSN ("18150659")
% ? unused Library catalog ("www.emis.de")
% ? unused Publication title ("SIGMA. Symmetry, Integrability and Geometry: Methods and Applications")
% ? unused Publisher ("SIGMA. Symmetry, Integrability and Geometry: Methods and Applications")
% ? unused Url ("http://www.emis.de/journals/SIGMA/2014/084/")

@article{Curtright2015dec,
  title = {Elementary Results for the Fundamental Representation of {SU(3)}},
  author = {Curtright, Thomas L. and Zachos, Cosmas K.},
  year = {2015},
  month = dec,
  journal = {Rep. Math. Phys.},
  volume = {76},
  number = {3},
  pages = {401-404},
  doi = {10.1016/S0034-4877(15)30040-9}
}
% == BibTeX quality report for Curtright2015dec:
% ? Possibly abbreviated journal title Rep. Math. Phys.
% ? Title looks like it was stored in title-case in Zotero
% ? unused ISSN ("0034-4877")
% ? unused Library catalog ("ScienceDirect")
% ? unused Publication title ("Reports on Mathematical Physics")
% ? unused Url ("https://www.sciencedirect.com/science/article/pii/S0034487715300409")

@article{DeZela2014jun,
  title = {Closed-Form Expressions for the Matrix Exponential},
  author = {De Zela, F.},
  year = {2014},
  month = jun,
  journal = {Symmetry},
  volume = {6},
  number = {2},
  pages = {329--344},
  doi = {10.3390/sym6020329},
  langid = {english}
}
% == BibTeX quality report for DeZela2014jun:
% ? Title looks like it was stored in title-case in Zotero
% ? unused ISSN ("2073-8994")
% ? unused Library catalog ("www.mdpi.com")
% ? unused Publisher ("Multidisciplinary Digital Publishing Institute")
% ? unused Url ("https://www.mdpi.com/2073-8994/6/2/329")

@article{Filip2010nov,
  title = {{SD-CAS}: {S}pin Dynamics by Computer Algebra System},
  author = {Filip, Xenia and Filip, Claudiu},
  year = {2010},
  month = nov,
  journal = {J. Magn. Res.},
  volume = {207},
  number = {1},
  pages = {95-113},
  doi = {10.1016/j.jmr.2010.08.014}
}
% == BibTeX quality report for Filip2010nov:
% ? Possibly abbreviated journal title J. Magn. Res.
% ? Title looks like it was stored in title-case in Zotero
% ? unused ISSN ("1090-7807")
% ? unused Library catalog ("ScienceDirect")
% ? unused Publication title ("Journal of Magnetic Resonance")
% ? unused Short title ("SD-CAS")
% ? unused Url ("https://www.sciencedirect.com/science/article/pii/S1090780710002545")

@article{Gell-Mann1962feb,
  title = {Symmetries of Baryons and Mesons},
  author = {{Gell-Mann}, Murray},
  year = {1962},
  month = feb,
  journal = {Phys. Rev.},
  volume = {125},
  number = {3},
  pages = {1067--1084},
  doi = {10.1103/PhysRev.125.1067}
}
% == BibTeX quality report for Gell-Mann1962feb:
% ? Possibly abbreviated journal title Phys. Rev.
% ? Title looks like it was stored in title-case in Zotero
% ? unused Library catalog ("COinS")
% ? unused Publication title ("Physical Review")

@article{Guntert1993jan,
  title = {{POMA}: {A} Complete \emph{Mathematica} Implementation of the {NMR} Product-Operator Formalism},
  author = {Guntert, P. and Schaefer, N. and Otting, G. and Wuthrich, K.},
  year = {1993},
  month = jan,
  journal = {J. Magn. Reson. Ser. A},
  volume = {101},
  number = {1},
  pages = {103-105},
  doi = {10.1006/jmra.1993.1016}
}
% == BibTeX quality report for Guntert1993jan:
% ? Possibly abbreviated journal title J. Magn. Reson. Ser. A
% ? Title looks like it was stored in title-case in Zotero
% ? unused ISSN ("1064-1858")
% ? unused Library catalog ("ScienceDirect")
% ? unused Publication title ("Journal of Magnetic Resonance, Series A")
% ? unused Short title ("POMA")
% ? unused Url ("https://www.sciencedirect.com/science/article/pii/S1064185883710168")

@article{Guntert2006aug,
  title = {Symbolic {NMR} product operator calculations},
  author = {Güntert, Peter},
  year = {2006},
  month = aug,
  journal = {Int. J. Quantum Chem.},
  volume = {106},
  number = {1},
  pages = {344-350},
  doi = {10.1002/qua.20754},
  langid = {english}
}
% == BibTeX quality report for Guntert2006aug:
% ? Possibly abbreviated journal title Int. J. Quantum Chem.
% ? unused extra: _eprint ("https://onlinelibrary.wiley.com/doi/pdf/10.1002/qua.20754")
% ? unused ISSN ("1097-461X")
% ? unused Library catalog ("Wiley Online Library")
% ? unused Publication title ("International Journal of Quantum Chemistry")
% ? unused Url ("https://onlinelibrary.wiley.com/doi/abs/10.1002/qua.20754")

@misc{Helton2015feb,
  title = {{NCAlgebra} --- {Version} 5.0.6},
  author = {Helton, J. William and de Oliveira, Mauricio and Stankus, Mark and Miller, Robert L.},
  year = {2015},
  month = feb,
  url = {https://github.com/NCAlgebra/NC},
  owner = {jam99},
  keywords = {duplicate-citation-key,magnetic resonance {$>$} Mathematica}
}
% == BibTeX quality report for Helton2015feb:
% ? Title looks like it was stored in title-case in Zotero
% ? unused Version number ("5.0.6")

@article{Isbister1995dec,
  title = {Use of Computer Algebra for the Study of Quadrupole Spin Systems},
  author = {Isbister, D.J. and Krishnan, Mangala S. and Sanctuary, B.C.},
  year = {1995},
  month = dec,
  journal = {Molec. Phys.},
  volume = {86},
  number = {6},
  pages = {1517--1535},
  doi = {10.1080/00268979500102891}
}
% == BibTeX quality report for Isbister1995dec:
% ? Possibly abbreviated journal title Molec. Phys.
% ? unused extra: _eprint ("https://doi.org/10.1080/00268979500102891")
% ? unused ISSN ("0026-8976")
% ? unused Library catalog ("Taylor and Francis+NEJM")
% ? unused Publication title ("Molecular Physics")
% ? unused Publisher ("Taylor & Francis")
% ? unused Url ("https://doi.org/10.1080/00268979500102891")

@article{Jerschow2005sep,
  title = {{MathNMR}: {S}pin and spatial tensor manipulations in {M}athematica},
  author = {Jerschow, Alexej},
  year = {2005},
  month = sep,
  journal = {J. Magn. Res.},
  volume = {176},
  number = {1},
  pages = {7-14},
  doi = {10.1016/j.jmr.2005.05.005},
  keywords = {Mathematica}
}
% == BibTeX quality report for Jerschow2005sep:
% ? Possibly abbreviated journal title J. Magn. Res.
% ? unused ISSN ("1090-7807")
% ? unused Library catalog ("ScienceDirect")
% ? unused Publication title ("Journal of Magnetic Resonance")
% ? unused Short title ("MathNMR")
% ? unused Url ("https://www.sciencedirect.com/science/article/pii/S1090780705001564")

@article{Kanters1993jan,
  title = {A Computer-Algebra Application for the Description of {NMR} Experiments Using the Product-Operator Formalism},
  author = {Kanters, R. P. F. and Char, B. W. and Addison, A. W.},
  year = {1993},
  month = jan,
  journal = {J. Magn. Reson. Ser. A},
  volume = {101},
  number = {1},
  pages = {23-29},
  doi = {10.1006/jmra.1993.1003}
}
% == BibTeX quality report for Kanters1993jan:
% ? Possibly abbreviated journal title J. Magn. Reson. Ser. A
% ? Title looks like it was stored in title-case in Zotero
% ? unused ISSN ("1064-1858")
% ? unused Library catalog ("ScienceDirect")
% ? unused Publication title ("Journal of Magnetic Resonance, Series A")
% ? unused Url ("https://www.sciencedirect.com/science/article/pii/S106418588371003X")

@article{Kuprov2007feb,
  title = {{B}loch-{R}edfield-{W}angsness theory engine implementation using symbolic processing software},
  author = {Kuprov, Ilya and Wagner-Rundell, Nicola and Hore, P. J.},
  year = {2007},
  month = feb,
  journal = {J. Magn. Res.},
  volume = {184},
  number = {2},
  pages = {196-206},
  doi = {10.1016/j.jmr.2006.09.023}
}
% == BibTeX quality report for Kuprov2007feb:
% ? Possibly abbreviated journal title J. Magn. Res.
% ? unused ISSN ("1090-7807")
% ? unused Library catalog ("ScienceDirect")
% ? unused Publication title ("Journal of Magnetic Resonance")
% ? unused Url ("https://www.sciencedirect.com/science/article/pii/S1090780706003259")

@article{Loke2011oct,
  title = {An Efficient Quantum Circuit Analyser on Qubits and Qudits},
  author = {Loke, T. and Wang, J. B.},
  year = {2011},
  month = oct,
  journal = {Comput. Phys. Commun.},
  volume = {182},
  number = {10},
  pages = {2285--2294},
  doi = {10.1016/j.cpc.2011.06.001}
}
% == BibTeX quality report for Loke2011oct:
% ? Possibly abbreviated journal title Comput. Phys. Commun.
% ? unused ISSN ("0010-4655")
% ? unused Library catalog ("ScienceDirect")
% ? unused Publication title ("Computer Physics Communications")
% ? unused Url ("https://www.sciencedirect.com/science/article/pii/S0010465511002104")

@article{Loke2013dec,
  title = {{\emph{CUGatesDensity}} --- Quantum circuit analyser extended to density matrices},
  author = {Loke, T. and Wang, J. B.},
  year = {2013},
  month = dec,
  journal = {Comput. Phys. Commun.},
  volume = {184},
  number = {12},
  pages = {2834-2839},
  doi = {10.1016/j.cpc.2013.07.007}
}
% == BibTeX quality report for Loke2013dec:
% ? Possibly abbreviated journal title Comput. Phys. Commun.
% ? unused ISSN ("0010-4655")
% ? unused Library catalog ("ScienceDirect")
% ? unused Publication title ("Computer Physics Communications")
% ? unused Url ("https://www.sciencedirect.com/science/article/pii/S001046551300235X")

@article{Lowdin1955mar,
  title = {Quantum Theory of Many-Particle Systems. {III}. {E}xtension of the {H}artree-{F}ock Scheme to Include Degenerate Systems and Correlation Effects},
  author = {Löwdin, Per-Olov},
  year = {1955},
  month = mar,
  journal = {Phys. Rev.},
  volume = {97},
  number = {6},
  pages = {1509-1520},
  doi = {10.1103/PhysRev.97.1509},
  keywords = {duplicate-citation-key}
}
% == BibTeX quality report for Lowdin1955mar:
% ? Possibly abbreviated journal title Phys. Rev.
% ? Title looks like it was stored in title-case in Zotero
% ? unused Library catalog ("APS")
% ? unused Publication title ("Physical Review")
% ? unused Publisher ("American Physical Society")
% ? unused Url ("https://link.aps.org/doi/10.1103/PhysRev.97.1509")

@article{Nguyen1998dec,
  title = {Symbolic Calculations of Unitary Transformations in Quantum Dynamics},
  author = {Nguyen, Nam-Anh and {Nguyen-Dang}, T. T.},
  year = {1998},
  month = dec,
  journal = {Comput. Phys. Commun.},
  series = {Computer Algebra in Physics Research},
  volume = {115},
  number = {2},
  pages = {183--199},
  doi = {10.1016/S0010-4655(98)00129-5},
  keywords = {NCAlgebra}
}
% == BibTeX quality report for Nguyen1998dec:
% ? Possibly abbreviated journal title Comput. Phys. Commun.
% ? unused ISSN ("0010-4655")
% ? unused Library catalog ("ScienceDirect")
% ? unused Publication title ("Computer Physics Communications")
% ? unused Url ("https://www.sciencedirect.com/science/article/pii/S0010465598001295")

@article{Rodriguez2001jan,
  title = {Density matrix calculations in {M}athematica},
  author = {Rodriguez, Ignacio and Ruiz-Cabello, Jesus},
  year = {2001},
  month = jan,
  journal = {Concepts Magn. Res.},
  volume = {13},
  number = {2},
  pages = {143-147},
  doi = {10.1002/1099-0534(2001)13:2<143::AID-CMR1003>3.0.CO;2-4},
  langid = {english}
}
% == BibTeX quality report for Rodriguez2001jan:
% ? Possibly abbreviated journal title Concepts Magn. Res.
% ? unused extra: _eprint ("https://onlinelibrary.wiley.com/doi/pdf/10.1002/1099-0534%282001%2913%3A2%3C143%3A%3AAID-CMR1003%3E3.0.CO%3B2-4")
% ? unused ISSN ("1099-0534")
% ? unused Library catalog ("Wiley Online Library")
% ? unused Publication title ("Concepts in Magnetic Resonance")
% ? unused Url ("https://onlinelibrary.wiley.com/doi/abs/10.1002/1099-0534%282001%2913%3A2%3C143%3A%3AAID-CMR1003%3E3.0.CO%3B2-4")

@article{Shriver1991oct,
  title = {{NMR} product-operator calculations in \emph{Mathematica}},
  author = {Shriver, John W},
  year = {1991},
  month = oct,
  journal = {J. Magn. Res.},
  volume = {94},
  number = {3},
  pages = {612-616},
  doi = {10.1016/0022-2364(91)90150-R}
}
% == BibTeX quality report for Shriver1991oct:
% ? Possibly abbreviated journal title J. Magn. Res.
% ? unused ISSN ("0022-2364")
% ? unused Library catalog ("ScienceDirect")
% ? unused Publication title ("Journal of Magnetic Resonance")
% ? unused Url ("https://www.sciencedirect.com/science/article/pii/002223649190150R")

@article{Siminovitch2004jan,
  title = {Exact effective {H}amiltonian theory. {II}. {P}olynomial expansion of matrix functions and entangled unitary exponential operators},
  author = {Siminovitch, David and Untidt, Thomas and Nielsen, Niels Chr.},
  year = {2004},
  month = jan,
  journal = {J. Chem. Phys.},
  volume = {120},
  number = {1},
  pages = {51-66},
  doi = {10.1063/1.1628216}
}
% == BibTeX quality report for Siminovitch2004jan:
% ? Possibly abbreviated journal title J. Chem. Phys.
% ? unused ISSN ("0021-9606")
% ? unused Library catalog ("Silverchair")
% ? unused Publication title ("The Journal of Chemical Physics")
% ? unused Url ("https://doi.org/10.1063/1.1628216")

@article{SinhaRoy2024apr,
  title = {An analysis of double-quantum coherence {ESR} in an {N}-spin system: {A}nalytical expressions and predictions},
  author = {Sinha Roy, Aritro and Marohn, John and Freed, Jack},
  year = {2024},
  month = apr,
  journal = {J. Chem. Phys.},
  volume = {160},
  number = {13},
  pages = {134105},
  doi = {10.1063/5.0200054}
}
% == BibTeX quality report for SinhaRoy2024apr:
% ? Possibly abbreviated journal title J. Chem. Phys.
% ? unused ISSN ("1089-7690")
% ? unused Publication title ("Journal of Chemical Physics")
% ? unused Url ("https://pubs.aip.org/aip/jcp/article/160/13/134105/3280254/An-analysis-of-double-quantum-coherence-ESR-in-an")

@book{Slichter1990,
  title = {{P}rinciples of {M}agnetic {R}esonance, 3rd {E}dition},
  author = {Slichter, C. P.},
  year = {1990},
  address = {New York},
  isbn = {978-3-540-50157-2},
  owner = {ewm},
  keywords = {duplicate-citation-key,magnetic resonance}
}
% == BibTeX quality report for Slichter1990:
% Missing required field 'publisher'
% ? Title looks like it was stored in title-case in Zotero
% ? unused Publisher ("Springer")

@misc{temporary-citekey-26877,
  title = {SpinDynamica: Symbolic and Numerical Magnetic Resonance in a Mathematica Environment - Bengs - 2018 - Magnetic Resonance in Chemistry - Wiley Online Library},
  url = {https://analyticalsciencejournals-onlinelibrary-wiley-com.proxy.library.cornell.edu/doi/full/10.1002/mrc.4642}
}

@article{Untidt2002jan,
  title = {Closed solution to the {B}aker-{C}ampbell-{H}ausdorff problem: {E}xact effective {H}amiltonian theory for analysis of nuclear-magnetic-resonance experiments},
  author = {Untidt, Thomas S. and Nielsen, Niels Chr.},
  year = {2002},
  month = jan,
  journal = {Phys. Rev. E},
  volume = {65},
  number = {2},
  pages = {021108},
  doi = {10.1103/PhysRevE.65.021108},
  keywords = {Baker--Campbell--Hausdorff,Cayley-Hamilton theorem,Mathematica}
}
% == BibTeX quality report for Untidt2002jan:
% ? Possibly abbreviated journal title Phys. Rev. E
% ? unused Library catalog ("APS")
% ? unused Publication title ("Physical Review E")
% ? unused Publisher ("American Physical Society")
% ? unused Short title ("Closed solution to the Baker-Campbell-Hausdorff problem")
% ? unused Url ("https://link.aps.org/doi/10.1103/PhysRevE.65.021108")

@article{Weyrauch2009sep,
  title = {Computing the {B}aker–{C}ampbell–{H}ausdorff series and the {Z}assenhaus product},
  author = {Weyrauch, Michael and Scholz, Daniel},
  year = {2009},
  month = sep,
  journal = {Comput. Phys. Commun.},
  volume = {180},
  number = {9},
  pages = {1558-1565},
  doi = {10.1016/j.cpc.2009.04.007}
}
% == BibTeX quality report for Weyrauch2009sep:
% ? Possibly abbreviated journal title Comput. Phys. Commun.
% ? unused ISSN ("0010-4655")
% ? unused Library catalog ("ScienceDirect")
% ? unused Publication title ("Computer Physics Communications")
% ? unused Url ("https://www.sciencedirect.com/science/article/pii/S0010465509001222")

@article{Zitko2011oct,
  title = {{SNEG} --- {M}athematica package for symbolic calculations with second-quantization-operator expressions},
  author = {Žitko, Rok},
  year = {2011},
  month = oct,
  journal = {Comput. Phys. Commun.},
  volume = {182},
  number = {10},
  pages = {2259-2264},
  doi = {10.1016/j.cpc.2011.05.013}
}
% == BibTeX quality report for Zitko2011oct:
% ? Possibly abbreviated journal title Comput. Phys. Commun.
% ? unused ISSN ("0010-4655")
% ? unused Library catalog ("ScienceDirect")
% ? unused Publication title ("Computer Physics Communications")
% ? unused Url ("https://www.sciencedirect.com/science/article/pii/S0010465511001792")
